% Article
@article{Flowdroid,
  title={Flowdroid: Precise context, flow, field, object-sensitive and lifecycle-aware taint analysis for Android apps},
  author={Arzt, Steven and Rasthofer, Siegfried and Fritz, Christian and Bodden, Eric and Bartel, Alexandre and Klein, Jacques and Le Traon, Yves and Octeau, Damien and McDaniel, Patrick},
  journal={Acm Sigplan Notices},
  volume={49},
  number={6},
  pages={259--269},
  year={2014},
  publisher={ACM New York, NY, USA}
}

% InProceedings
@inproceedings{ILEA,
  title={ILEA: Inter-language analysis across Java and C},
  author={Tan, Gang and Morrisett, Greg},
  series={Proceedings of the 22nd annual ACM SIGPLAN conference on Object-oriented programming systems, languages and applications},
  pages={39--56},
  year={2007},
  organization={ACM}
}

@inproceedings{LeeASE20,
  title={Broadening Horizons of Multilingual Static Analysis: Semantic Summary Extraction from C Code for JNI Program Analysis},
  author={Lee, Sungho and Lee, Hyogun and Ryu, Sukyoung},
  series={Proceedings of the 35th IEEE/ACM International Conference on Automated Software Engineering},
  pages={127--137},
  year={2020},
  organization={IEEE/ACM}
}

@inproceedings{JN-SAF,
  title={JN-SAF: Precise and efficient NDK/JNI-aware inter-language static analysis framework for security vetting of Android applications with native code},
  author={Wei, Fengguo and Lin, Xingwei and Ou, Xinming and Chen, Ting and Zhang, Xiaosong},
  series={Proceedings of the 2018 ACM SIGSAC Conference on Computer and Communications Security},
  pages={1137--1150},
  year={2018},
  organization={ACM}
}

@inproceedings{Amandroid,
  title={Amandroid: A precise and general inter-component data flow analysis framework for security vetting of android apps},
  author={Wei, Fengguo and Roy, Sankardas and Ou, Xinming},
  series={Proceedings of the 2014 ACM SIGSAC conference on computer and communications security},
  pages={1329--1341},
  year={2014}
}

@inproceedings{scanning,
  title={Identifying java calls in native code via binary scanning},
  author={Fourtounis, George and Triantafyllou, Leonidas and Smaragdakis, Yannis},
  series={Proceedings of the 29th ACM SIGSOFT International Symposium on Software Testing and Analysis},
  pages={388--400},
  year={2020},
  organization={ACM}
}

@article{grichi2020impact,
  title={On the impact of interlanguage dependencies in multilanguage systems empirical case study on java native interface applications (JNI)},
  author={Grichi, Manel and Abidi, Mouna and Jaafar, Fehmi and Eghan, Ellis E and Adams, Bram},
  journal={IEEE Transactions on Reliability},
  volume={70},
  number={1},
  pages={428--440},
  year={2020},
  publisher={IEEE}
}

@inproceedings{kochhar2016large,
  title={A large scale study of multiple programming languages and code quality},
  author={Kochhar, Pavneet Singh and Wijedasa, Dinusha and Lo, David},
  series={2016 IEEE 23rd International Conference on Software Analysis, Evolution, and Reengineering (SANER)},
  volume={1},
  pages={563--573},
  year={2016},
  organization={IEEE}
}

@inproceedings{abidi2019code,
  title={Code smells for multi-language systems},
  author={Abidi, Mouna and Grichi, Manel and Khomh, Foutse and Gu{\'e}h{\'e}neuc, Yann-Ga{\"e}l},
  series={Proceedings of the 24th European Conference on Pattern Languages of Programs},
  pages={1--13},
  year={2019}
}

@article{abidi2021multi,
  title={Are multi-language design smells fault-prone? An empirical study},
  author={Abidi, Mouna and Rahman, Md Saidur and Openja, Moses and Khomh, Foutse},
  journal={ACM Transactions on Software Engineering and Methodology (TOSEM)},
  volume={30},
  number={3},
  pages={1--56},
  year={2021},
  publisher={ACM New York, NY, USA}
}

@inproceedings{abidi2019behind,
  title={Behind the scenes: developers' perception of multi-language practices},
  author={Abidi, Mouna and Grichi, Manel and Khomh, Foutse},
  series={Proceedings of the 29th Annual International Conference on Computer Science and Software Engineering},
  pages={72--81},
  year={2019}
}

@inproceedings{grichi2019state,
  title={State of practices of java native interface},
  author={Grichi, Manel and Abidi, Mouna and Gu{\'e}h{\'e}neuc, Yann-Ga{\"e}l and Khomh, Foutse},
  series={Proceedings of the 29th Annual International Conference on Computer Science and Software Engineering},
  pages={274--283},
  year={2019}
}

@article{nishiwaki2012sean,
  title={SEAN: Support Tool for Detecting Rule Violations in JNI Coding},
  author={Nishiwaki, Haruna and Ugawa, Tomoharu and Umatani, Seiji and Yasugi, Masahiro and Yuasa, Taiichi},
  journal={Information and Media Technologies},
  volume={7},
  number={4},
  pages={1353--1358},
  year={2012},
  publisher={Information and Media Technologies Editorial Board}
}

@inproceedings{sas2021,
  TITLE = {{A Multilanguage Static Analysis of Python Programs with Native C Extensions}},
  AUTHOR = {Monat, Rapha{\"e}l and Ouadjaout, Abdelraouf and Min{\'e}, Antoine},
  URL = {https://hal.archives-ouvertes.fr/hal-03313409},
  BOOKTITLE = {{Static Analysis Symposium (SAS)}},
  ADDRESS = {Chicago, Illinois, United States},
  YEAR = {2021},
  MONTH = Oct,
  KEYWORDS = {Formal Methods ; Static Analysis ; Abstract Interpretation ; Dynamic Programming Language ; Multilanguage Analysis},
  PDF = {https://hal.archives-ouvertes.fr/hal-03313409/file/paper.pdf},
  HAL_ID = {hal-03313409},
  HAL_VERSION = {v1},
  organization={Springer}
}

@inproceedings {polycruise,
author = {Wen Li and Jiang Ming and Xiapu Luo and Haipeng Cai},
title = {{PolyCruise}: A {Cross-Language} Dynamic Information Flow Analysis},
booktitle = {31st USENIX Security Symposium (USENIX Security 22)},
year = {2022},
isbn = {978-1-939133-31-1},
address = {Boston, MA},
pages = {2513--2530},
url = {https://www.usenix.org/conference/usenixsecurity22/presentation/li-wen},
month = aug,
organization= {USENIX Association}
}

% Online
@misc{codeql,
  author="Semmle",
  year="2021",
  title="CodeQL",
  howpublished="\url{https://semmle.com/codeql}"
}

% Online
@misc{glean,
  author="Meta",
  year="2022",
  title="Glean: System for collecting, deriving and querying facts about source code",
  howpublished="\url{https://glean.software}"
}

@inproceedings{doop,
  title={Strictly Declarative Specification of Sophisticated Points-to Analyses},
  author={Martin Bravenboer and Yannis Smaragdakis},
  series={Proceedings of the 24th annual ACM SIGPLAN conference on Object-oriented programming systems, languages and applications},
  year={2009},
  organization={ACM}
}

@misc{nativeflowbench,
  author =       "arguslab",
  year =         "2019",
  title =        "NativeFlowBench",
  howpublished =         "\url{https://github.com/arguslab/}",
}

@misc{fdroid,
  author =       "F-Droid",
  year =         "2019",
  title =        "F-Droid - Free and Open Source Android App Repository",
  howpublished =         "\url{https://f-droid.org}",
}

@misc{nativeactivity,
  author =       "Android Developers",
  year =         "2021",
  title =        "Documentation for developers - NativeActivity",
  howpublished =         "\url{https://developer.android.com/reference/android/app/NativeActivity}",
}

@inproceedings{doopWorkshop,
  title={Using Datalog for fast and easy program analysis},
  author={Smaragdakis, Yannis and Bravenboer, Martin},
  series={International Datalog 2.0 Workshop},
  pages={245--251},
  year={2010},
  organization={Springer}
}

@inproceedings{hybridroid,
  title={HybriDroid: static analysis framework for Android hybrid applications},
  author={Lee, Sungho and Dolby, Julian and Ryu, Sukyoung},
  series={2016 31st IEEE/ACM International Conference on Automated Software Engineering (ASE)},
  pages={250--261},
  year={2016},
  organization={IEEE/ACM}
}

@inproceedings{BaeICSE19,
  title={Towards understanding and reasoning about Android interoperations},
  author={Bae, Sora and Lee, Sungho and Ryu, Sukyoung},
  series={2019 IEEE/ACM 41st International Conference on Software Engineering (ICSE)},
  pages={223--233},
  year={2019},
  organization={IEEE/ACM}
}

@inproceedings{shehab2014reducing,
  title={Reducing attack surface on Cordova-based hybrid mobile apps},
  author={Shehab, Mohamed and AlJarrah, Abeer},
  series={Proceedings of the 2nd International Workshop on Mobile Development Lifecycle},
  pages={1--8},
  year={2014}
}

@inproceedings{georgiev2014breaking,
  title={Breaking and fixing origin-based access control in hybrid web/mobile application frameworks},
  author={Georgiev, Martin and Jana, Suman and Shmatikov, Vitaly},
  series={NDSS symposium},
  volume={2014},
  pages={1},
  year={2014},
  organization={NIH Public Access}
}

@inproceedings{jin2014code,
  title={Code Injection Attacks on HTML5-Based Mobile Apps: Characterization, Detection and Mitigation},
  author={Jin, Xing and Hu, Xuchao and Ying, Kailiang and Du, Wenliang and Yin, Heng and Peri, Gautam Nagesh},
  series={Proceedings of the 2014 ACM SIGSAC Conference on Computer and Communications Security},
  pages={66--77},
  year={2014},
  organization={ACM}
}

@misc{PythonC,
  author="vanÂ Rossum, G.",
  year="2021",
  title="the Python development team: Python/C API Reference Manual",
  howpublished="\url{https://docs.python.org/3.8/c-api/index.html}"
}

@inproceedings{Mopsa,
  title={Combinations of reusable abstract domains for a multilingual static analyzer},
  author={Journault, Matthieu and Min{\'e}, Antoine and Monat, Rapha{\"e}l and Ouadjaout, Abdelraouf},
  series={Working Conference on Verified Software: Theories, Tools, and Experiments},
  pages={1--18},
  year={2019},
  organization={Springer}
}

@misc{WALA,
  author="IBM",
  year="2021",
  title="T.J. Watson libraries for analysis",
  howpublished="\url{http://wala.sourceforge.net/wiki/index.php/Main_Page}"
}

@inproceedings{scholz2016,
  title={On fast large-scale program analysis in datalog},
  author={Scholz, Bernhard and Jordan, Herbert and Suboti{\'c}, Pavle and Westmann, Till},
  series={Proceedings of the 25th International Conference on Compiler Construction},
  pages={196--206},
  year={2016},
  organization={ACM}
}

@article{madsen2016,
  title={From datalog to flix: A declarative language for fixed points on lattices},
  author={Madsen, Magnus and Yee, Ming-Ho and Lhot{\'a}k, Ond{\v{r}}ej},
  journal={ACM SIGPLAN Notices},
  volume={51},
  number={6},
  pages={194--208},
  year={2016},
  publisher={ACM New York, NY, USA}
}

@inproceedings{ql2016,
  title={QL: Object-oriented queries on relational data},
  author={Avgustinov, Pavel and De Moor, Oege and Jones, Michael Peyton and Sch{\"a}fer, Max},
  series={30th European Conference on Object-Oriented Programming (ECOOP 2016)},
  year={2016},
  organization={Schloss Dagstuhl-Leibniz-Zentrum fuer Informatik}
}

@article{furr2005,
  title={Checking type safety of foreign function calls},
  author={Furr, Michael and Foster, Jeffrey S},
  journal={ACM SIGPLAN Notices},
  volume={40},
  number={6},
  pages={62--72},
  year={2005},
  publisher={ACM New York, NY, USA}
}

@article{furr2008,
  title={Checking type safety of foreign function calls},
  author={Furr, Michael and Foster, Jeffrey S},
  journal={ACM Transactions on Programming Languages and Systems (TOPLAS)},
  volume={30},
  number={4},
  pages={1--63},
  year={2008},
  publisher={ACM New York, NY, USA}
}

@inproceedings{allen2015D,
  title={Combining type-analysis with points-to analysis for analyzing Java library source-code},
  author={Allen, Nicholas and Krishnan, Padmanabhan and Scholz, Bernhard},
  series={Proceedings of the 4th ACM SIGPLAN International Workshop on State Of the Art in Program Analysis},
  pages={13--18},
  year={2015},
  organization={ACM}
}

@inproceedings{allen2015stagedD,
  title={Staged points-to analysis for large code bases},
  author={Allen, Nicholas and Scholz, Bernhard and Krishnan, Padmanabhan},
  series={International Conference on Compiler Construction},
  pages={131--150},
  year={2015},
  organization={Springer}
}

@inproceedings{alpuente2010D,
  title={Datalog-based program analysis with BES and RWL},
  author={Alpuente, Mar{\'\i}a and Feli{\'u}, Marco Antonio and Joubert, Christophe and Villanueva, Alicia},
  series={International Datalog 2.0 Workshop},
  pages={1--20},
  year={2010},
  organization={Springer}
}

@inproceedings{dawson1996D,
  title={Practical program analysis using general purpose logic programming systemsâa case study},
  author={Dawson, Steven and Ramakrishnan, Coimbatore R and Warren, David S},
  series={Proceedings of the ACM SIGPLAN 1996 conference on Programming language design and implementation},
  pages={117--126},
  year={1996},
  organization={ACM}
}

@inproceedings{naik2006D,
  title={Effective static race detection for Java},
  author={Naik, Mayur and Aiken, Alex and Whaley, John},
  series={Proceedings of the 27th ACM SIGPLAN Conference on Programming Language Design and Implementation},
  pages={308--319},
  year={2006},
  organization={ACM}
}

@inproceedings{reps1994D,
  title={Solving demand versions of interprocedural analysis problems},
  author={Reps, Thomas},
  series={International Conference on Compiler Construction},
  pages={389--403},
  year={1994},
  organization={Springer}
}

@inproceedings{smaragdakis2014D,
  title={Introspective analysis: context-sensitivity, across the board},
  author={Smaragdakis, Yannis and Kastrinis, George and Balatsouras, George},
  series={Proceedings of the 35th ACM SIGPLAN Conference on Programming Language Design and Implementation},
  pages={485--495},
  year={2014},
  organization={ACM}
}

@inproceedings{whaley2005D,
  title={Using Datalog with binary decision diagrams for program analysis},
  author={Whaley, John and Avots, Dzintars and Carbin, Michael and Lam, Monica S},
  series={Asian Symposium on Programming Languages and Systems},
  pages={97--118},
  year={2005},
  organization={Springer}
}

@inproceedings{hoder2011muz,
  title={$\mu$Z--an efficient engine for fixed points with constraints},
  author={Hoder, Kry{\v{s}}tof and Bj{\o}rner, Nikolaj and De Moura, Leonardo},
  series={International Conference on Computer Aided Verification},
  pages={457--462},
  year={2011},
  organization={Springer}
}

@inproceedings{souffle,
  title={Souffl{\'e}: On synthesis of program analyzers},
  author={Jordan, Herbert and Scholz, Bernhard and Suboti{\'c}, Pavle},
  series={International Conference on Computer Aided Verification, Lecture Notes in Computer Science},
  pages={422--430},
  year={2016},
  organization={Springer},
  volume={9780}
}

@misc{jnispec,
  author="Oracle",
  year="2022",
  title="Java Native Interface Specification",
  howpublished="\url{https://docs.oracle.com/en/java/javase/14/docs/specs/jni}"
}

@misc{pyext,
  author="Python Software Foundation",
  year="2022",
  title="Extending Python with C or C++",
  howpublished="\url{https://docs.python.org/3/extending/extending.html}"
}

@misc{getstringutfchars,
  author="Oracle",
  year="2021",
  title="Java Native Interface Specification - Chapter 4. JNI Functions",
  howpublished="\url{https://docs.oracle.com/en/java/javase/14/docs/specs/jni/functions.html}"
}

@misc{jnitypes,
  author="Oracle",
  year="2021",
  title="Java Native Interface Specification - Chapter 3. JNI Types and Data Structures",
  howpublished="\url{https://docs.oracle.com/en/java/javase/14/docs/specs/jni/types.html}",
}

@misc{jniexcept,
  author="Oracle",
  year="2021",
  title="Java Native Interface Specification - Chapter 2. Design Overview",
  howpublished="\url{https://docs.oracle.com/en/java/javase/14/docs/specs/jni/design.html}",
}

@inproceedings{hwang2021justgen,
  title={JUSTGen: Effective Test Generation for Unspecified JNI Behaviors on JVMs},
  author={Hwang, Sungjae and Lee, Sungho and Kim, Jihoon and Ryu, Sukyoung},
  series={2021 IEEE/ACM 43rd International Conference on Software Engineering (ICSE)},
  pages={1708--1718},
  year={2021},
  organization={IEEE/ACM}
}

@inproceedings{lagouvardos2020static,
  title={Static analysis of shape in TensorFlow programs},
  author={Lagouvardos, Sifis and Dolby, Julian and Grech, Neville and Antoniadis, Anastasios and Smaragdakis, Yannis},
  series={34th European Conference on Object-Oriented Programming (ECOOP 2020)},
  year={2020},
  organization={Schloss Dagstuhl-Leibniz-Zentrum f{\"u}r Informatik}
}

@inproceedings{mergendahlcross,
  author    = {Samuel Mergendahl and
               Nathan Burow and
               Hamed Okhravi},
  title     = {Cross-Language Attacks},
  booktitle = {29th Annual Network and Distributed System Security Symposium, {NDSS}
               2022, San Diego, California, USA, April 24-28, 2022},
  organization = {The Internet Society},
  year      = {2022},
  url       = {https://www.ndss-symposium.org/ndss-paper/auto-draft-259/}
}

@inproceedings{vulnerable-multi,
  title={On the Vulnerability Proneness of Multilingual Code},
  author={Li, Wen and Li, Li and Cai, Haipeng},
  series={Proceedings of the 30th ACM Joint European Software Engineering Conference and Symposium on the Foundations of Software Engineering},
  pages={847--859},
  year={2022},
  organization={ACM}
}

@misc{pythoncspec,
  title = "{Extending Python with C or C++}",
  author = "{Python Software Foundation}",
  year = "2022",
  howpublished = {\url{Python's extension module specification}}
}

@inproceedings{jiset,
  title={JISET: JavaScript IR-based Semantics Extraction Toolchain},
  author={Park, Jihyeok and Park, Jihee and An, Seungmin and Ryu, Sukyoung},
  booktitle={2020 35th IEEE/ACM International Conference on Automated Software Engineering (ASE)},
  pages={647--658},
  year={2020},
  organization={IEEE/ACM}
}

@inproceedings{jest,
  title = {{JEST: N+1-version Differential Testing of Both JavaScript Engines
         and Specification}},
  author = {Park, Jihyeok and An, Seungmin and Youn, Dongjun and Kim, Gyeongwon
          and Ryu, Sukyoung},
  booktitle = {Proceedings of IEEE/ACM 43rd International Conference on Software
               Engineering (ICSE)},
  pages = {13--24},
  year = {2021},
  organization = {IEEE/ACM},
  doi = {10.1109/ICSE43902.2021.00015},
}

@inproceedings{jstar,
  title = {{JSTAR: JavaScript Specification Type Analyzer using Refinement}},
  author = {Park, Jihyeok and An, Seungmin and Shin, Wonho and Sim, Yusung and
            Ryu, Sukyoung},
  booktitle = {Proceedings of the 36th IEEE/ACM International Conference on
               Automated Software Engineering (ASE)},
  year = {2021},
  organization = {IEEE/ACM}
}

@inproceedings{jsaver,
  title = {{Automatically Deriving JavaScript Static Analyzers from Specifications using Meta-Level Static Analysis}},
  author = {Park, Jihyeok and An, Seungmin and Ryu, Sukyoung},
  booktitle = {Proceedings of the 30th ACM Joint European Software Engineering Conference and Symposium on the Foundations of Software Engineering (ESEC/FSE)},
  year = {2022},
  organization = {ACM}
}

@inproceedings{justgen,
  title = {{JUSTGen: Effective Test Generation for Unspecified JNI Behaviors on JVMs}},
  author = {Sungjae Hwang and Sungho Lee and Jihoon Kim and Sukyoung Ryu},
  booktitle = {Proceedings of IEEE/ACM 43rd International Conference on Software
               Engineering (ICSE)},
  year = {2021},
  organization = {IEEE/ACM}
}
