% Article
@article{Flowdroid,
  title={Flowdroid: Precise context, flow, field, object-sensitive and lifecycle-aware taint analysis for Android apps},
  author={Arzt, Steven and Rasthofer, Siegfried and Fritz, Christian and Bodden, Eric and Bartel, Alexandre and Klein, Jacques and Le Traon, Yves and Octeau, Damien and McDaniel, Patrick},
  journal={Acm Sigplan Notices},
  volume={49},
  number={6},
  pages={259--269},
  year={2014},
  publisher={ACM New York, NY, USA}
}

% InProceedings
@inproceedings{ILEA,
  title={ILEA: Inter-language analysis across Java and C},
  author={Tan, Gang and Morrisett, Greg},
  booktitle={Proceedings of the 22nd annual ACM SIGPLAN conference on Object-oriented programming systems, languages and applications},
  pages={39--56},
  year={2007}
}

@inproceedings{LeeASE20,
  title={Broadening horizons of multilingual static analysis: Semantic summary extraction from c code for JNI program analysis},
  author={Lee, Sungho and Lee, Hyogun and Ryu, Sukyoung},
  booktitle={Proceedings of the 35th IEEE/ACM International Conference on Automated Software Engineering},
  pages={127--137},
  year={2020}
}

@inproceedings{JN-SAF,
  title={JN-SAF: Precise and efficient NDK/JNI-aware inter-language static analysis framework for security vetting of Android applications with native code},
  author={Wei, Fengguo and Lin, Xingwei and Ou, Xinming and Chen, Ting and Zhang, Xiaosong},
  booktitle={Proceedings of the 2018 ACM SIGSAC Conference on Computer and Communications Security},
  pages={1137--1150},
  year={2018}
}

@inproceedings{Amandroid,
  title={Amandroid: A precise and general inter-component data flow analysis framework for security vetting of android apps},
  author={Wei, Fengguo and Roy, Sankardas and Ou, Xinming},
  booktitle={Proceedings of the 2014 ACM SIGSAC conference on computer and communications security},
  pages={1329--1341},
  year={2014}
}

@inproceedings{scanning,
  title={Identifying java calls in native code via binary scanning},
  author={Fourtounis, George and Triantafyllou, Leonidas and Smaragdakis, Yannis},
  booktitle={Proceedings of the 29th ACM SIGSOFT International Symposium on Software Testing and Analysis},
  pages={388--400},
  year={2020}
}

% Online
%@online{Infer,
%  author="Facebook",
%  year="2019",
%  title="Infer",
%  url="https://fbinfer.com/",
%  lastaccessed="September 1, 2021",
%}
